<record><leader>00000cas a22000007a 4500</leader><controlfield tag="001">23881668</controlfield><controlfield tag="008">910604d18uu18uunjudr ne      0    0gem d</controlfield><datafield ind1=" " ind2=" " tag="010"><subfield code="a">sn 91064007 </subfield></datafield><datafield ind1=" " ind2=" " tag="040"><subfield code="a">NJW</subfield><subfield code="b">eng</subfield><subfield code="c">NJW</subfield><subfield code="d">OCLCQ</subfield></datafield><datafield ind1="0" ind2="0" tag="245"><subfield code="a">New Jersey volksmann.</subfield></datafield><datafield ind1=" " ind2=" " tag="260"><subfield code="a">Newark, N.J. :</subfield><subfield code="b">William B. Guild</subfield></datafield><datafield ind1=" " ind2=" " tag="300"><subfield code="a">v.</subfield></datafield><datafield ind1=" " ind2=" " tag="310"><subfield code="a">Daily</subfield></datafield><datafield ind1=" " ind2=" " tag="580"><subfield code="a">Issued with: People's paper (Newark, N.J.), May 2, 1871-</subfield></datafield><datafield ind1=" " ind2=" " tag="588"><subfield code="a">Description based on: Vol. 16, no. 96 (May 2, 1871).</subfield></datafield><datafield ind1=" " ind2=" " tag="752"><subfield code="a">United States</subfield><subfield code="b">New Jersey</subfield><subfield code="c">Essex</subfield><subfield code="d">Newark.</subfield></datafield><datafield ind1="1" ind2=" " tag="777"><subfield code="t">People's paper</subfield><subfield code="w">(DLC)sn 91064008</subfield></datafield></record>